@online{i3wm,
  author = "Stapelberg, Michael",
  title = "i3wm",
  year = "2009-2017",
  url = "https://i3wm.org/",
}

@online{Wallpape,
  author = "Icar-u5",
  title = "Wallpaper",
  url = "https://github.com/Icar-u5",
}
